<?xml version="1.0" encoding="UTF-8"?><record xmlns="http://www.loc.gov/MARC21/slim" xmlns:cinclude="http://apache.org/cocoon/include/1.0" xmlns:zs="http://www.loc.gov/zing/srw/">
  <leader>00382nz  a2200133n  4500</leader>
  <controlfield tag="001">no2003050920</controlfield>
  <controlfield tag="003">DLC</controlfield>
  <controlfield tag="005">20030523053353.0</controlfield>
  <controlfield tag="008">030522n| acannaabn          |n aaa     c</controlfield>
  <datafield tag="010" ind1=" " ind2=" ">
    <subfield code="a">no2003050920</subfield>
  </datafield>
  <datafield tag="035" ind1=" " ind2=" ">
    <subfield code="a">(OCoLC)oca06056792</subfield>
  </datafield>
  <datafield tag="040" ind1=" " ind2=" ">
    <subfield code="a">NcU</subfield>
    <subfield code="b">eng</subfield>
    <subfield code="c">NcU</subfield>
  </datafield>
  <datafield tag="100" ind1="1" ind2=" ">
    <subfield code="a">Romanenko, Valerii︠a︡,</subfield>
    <subfield code="d">1973-</subfield>
  </datafield>
  <datafield tag="670" ind1=" " ind2=" ">
    <subfield code="a">Svetaet, 2000:</subfield>
    <subfield code="b">cover (Valerii︠a︡ Romanenko) p. 4 of cover (b. 1973)</subfield>
  </datafield>
</record>